@manual{team2016,
  address = {Vienna, Austria},
  author = {{R Core Team}},
  organization = {R Foundation for Statistical Computing},
  title = {R: A Language and Environment for Statistical
                  Computing},
  url = {https://www.R-project.org/},
  year = 2016,
}
